@online{BFS2023_1,
  author = {{Bundesamt für Statistik (BFS)}},
  title  = {Lohnstruktur nach Grossregionen},
  year   = {2023},
  url    = {https://www.bfs.admin.ch/bfs/de/home/statistiken/arbeit-erwerb/loehne-erwerbseinkommen-arbeitskosten/lohnstruktur/grossregionen.html}, 
}

@online{BFS2023_2,
  author = {{Bundesamt für Statistik (BFS)}},
  title  = {Employed persons according to economic activity status, brackets of gross income from employment, work-time percentage and gender},
  year   = {2023},
  url    = {https://www.bfs.admin.ch/bfs/de/home/statistiken/kataloge-datenbanken.assetdetail.32227563.html}, 
}

@online{ColorBlindness,
  author = {ColorBlindness},
  title  = {Coblis - Color Blindness Simulator.},
  year   = {2023},
  url    = {https://www.color-blindness.com/coblis-color-blindness-simulator/}
}